@misc{vectorextensions,
  author = {Free Software Foundation Inc},
  title = {{Using Vector Instructions through Built-in Functions}},
  howpublished = "\url{https://gcc.gnu.org/onlinedocs/gcc/Vector-Extensions.html}",
  year = {2014},
  note = "[Online; acessado 25/05/2014]"
}

@misc{cachethrashing,
  author = {David Cortesi},
  title = {{Origin2000 and Onyx2 Performance Tuning and Optimization Guide}},
  howpublished = "\url{http://techpubs.sgi.com/library/dynaweb_docs/0640/SGI_Developer/books/OrOn2_PfTune/sgi_html/ch06.html}",
  year = {1998},
  note = "[Online; acessado 25/05/2014]"
}